[gd_scene load_steps=14 format=2]

[ext_resource path="res://Scenes/WordsField.tscn" type="PackedScene" id=1]
[ext_resource path="res://Scripts/InfiniteSpeedle.gd" type="Script" id=2]
[ext_resource path="res://Themes/WottleTheme.tres" type="Theme" id=3]
[ext_resource path="res://Assets/Textures/60.png" type="Texture" id=4]

[sub_resource type="StyleBoxEmpty" id=12]

[sub_resource type="DynamicFontData" id=11]
font_path = "res://Assets/trueno-font/TruenoBold-XYE2.otf"

[sub_resource type="DynamicFont" id=13]
size = 40
outline_color = Color( 0, 0, 0, 1 )
font_data = SubResource( 11 )

[sub_resource type="StyleBoxEmpty" id=14]

[sub_resource type="StyleBoxEmpty" id=15]

[sub_resource type="DynamicFont" id=16]
size = 40
outline_color = Color( 0, 0, 0, 1 )
font_data = SubResource( 11 )

[sub_resource type="StyleBoxEmpty" id=17]

[sub_resource type="Animation" id=18]
resource_name = "AddTime"
length = 0.3
tracks/0/type = "value"
tracks/0/path = NodePath("PlusTimeLabel:rect_scale")
tracks/0/interp = 1
tracks/0/loop_wrap = true
tracks/0/imported = false
tracks/0/enabled = true
tracks/0/keys = {
"times": PoolRealArray( 0, 0.3 ),
"transitions": PoolRealArray( 1, 1 ),
"update": 0,
"values": [ Vector2( 1, 1 ), Vector2( 2, 2 ) ]
}
tracks/1/type = "value"
tracks/1/path = NodePath("PlusTimeLabel:modulate")
tracks/1/interp = 1
tracks/1/loop_wrap = true
tracks/1/imported = false
tracks/1/enabled = true
tracks/1/keys = {
"times": PoolRealArray( 0, 0.1, 0.3 ),
"transitions": PoolRealArray( 1, 1, 1 ),
"update": 0,
"values": [ Color( 1, 1, 1, 0 ), Color( 1, 1, 1, 1 ), Color( 1, 1, 1, 0 ) ]
}

[sub_resource type="Animation" id=19]
length = 0.001
tracks/0/type = "value"
tracks/0/path = NodePath("PlusTimeLabel:rect_scale")
tracks/0/interp = 1
tracks/0/loop_wrap = true
tracks/0/imported = false
tracks/0/enabled = true
tracks/0/keys = {
"times": PoolRealArray( 0 ),
"transitions": PoolRealArray( 1 ),
"update": 0,
"values": [ Vector2( 1, 1 ) ]
}
tracks/1/type = "value"
tracks/1/path = NodePath("PlusTimeLabel:modulate")
tracks/1/interp = 1
tracks/1/loop_wrap = true
tracks/1/imported = false
tracks/1/enabled = true
tracks/1/keys = {
"times": PoolRealArray( 0 ),
"transitions": PoolRealArray( 1 ),
"update": 0,
"values": [ Color( 1, 1, 1, 0 ) ]
}
tracks/2/type = "value"
tracks/2/path = NodePath("PlusTimeLabel:visible")
tracks/2/interp = 1
tracks/2/loop_wrap = true
tracks/2/imported = false
tracks/2/enabled = true
tracks/2/keys = {
"times": PoolRealArray( 0 ),
"transitions": PoolRealArray( 1 ),
"update": 1,
"values": [ false ]
}

[node name="WordsFields" instance=ExtResource( 1 )]
script = ExtResource( 2 )

[node name="TimerLabel" parent="." index="0"]
visible = true

[node name="OpponentProgress" parent="." index="4"]
visible = false

[node name="StreakContainer" type="HBoxContainer" parent="." index="7"]
anchor_left = 0.5
anchor_right = 0.5
margin_left = -261.0
margin_top = 181.0
margin_right = 270.0
margin_bottom = 290.0
size_flags_horizontal = 3
size_flags_vertical = 3
theme = ExtResource( 3 )

[node name="VBoxContainer" type="VBoxContainer" parent="StreakContainer" index="0"]
margin_right = 263.0
margin_bottom = 109.0
size_flags_horizontal = 3
size_flags_vertical = 3

[node name="Label" type="Label" parent="StreakContainer/VBoxContainer" index="0"]
margin_right = 263.0
margin_bottom = 37.0
custom_styles/normal = SubResource( 12 )
text = "Current Streak"
align = 1

[node name="StreakLabel" type="Label" parent="StreakContainer/VBoxContainer" index="1"]
margin_top = 41.0
margin_right = 263.0
margin_bottom = 109.0
size_flags_horizontal = 3
size_flags_vertical = 3
custom_fonts/font = SubResource( 13 )
custom_styles/normal = SubResource( 14 )
text = "0"
align = 1
valign = 1

[node name="VBoxContainer2" type="VBoxContainer" parent="StreakContainer" index="1"]
margin_left = 267.0
margin_right = 531.0
margin_bottom = 109.0
size_flags_horizontal = 3
size_flags_vertical = 3

[node name="Label" type="Label" parent="StreakContainer/VBoxContainer2" index="0"]
margin_right = 264.0
margin_bottom = 37.0
custom_styles/normal = SubResource( 15 )
text = "Max Streak"
align = 1

[node name="MaxStreakLabel" type="Label" parent="StreakContainer/VBoxContainer2" index="1"]
margin_top = 41.0
margin_right = 264.0
margin_bottom = 109.0
size_flags_horizontal = 3
size_flags_vertical = 3
custom_fonts/font = SubResource( 16 )
custom_styles/normal = SubResource( 17 )
text = "0"
align = 1
valign = 1

[node name="Hibernate" type="Timer" parent="." index="8"]
wait_time = 1.7
one_shot = true

[node name="PlusTimeLabel" type="TextureRect" parent="." index="9"]
visible = false
modulate = Color( 1, 1, 1, 0 )
anchor_left = 0.5
anchor_right = 0.5
margin_left = 113.0
margin_top = 121.0
margin_right = 177.0
margin_bottom = 161.0
grow_horizontal = 0
grow_vertical = 0
rect_pivot_offset = Vector2( 34, 19 )
texture = ExtResource( 4 )
expand = true
stretch_mode = 4

[node name="AnimationPlayer" type="AnimationPlayer" parent="PlusTimeLabel" index="0"]
root_node = NodePath("../..")
anims/AddTime = SubResource( 18 )
anims/RESET = SubResource( 19 )

[connection signal="timeout" from="Hibernate" to="." method="_on_Hibernate_timeout"]
