[gd_scene load_steps=12 format=2]

[ext_resource path="res://Scenes/TutorialField.tscn" type="PackedScene" id=1]
[ext_resource path="res://Assets/trueno-font/TruenoLight-E2pg.otf" type="DynamicFontData" id=2]
[ext_resource path="res://Scripts/Tutorial.gd" type="Script" id=3]
[ext_resource path="res://Scenes/new_dynamicfont.tres" type="DynamicFont" id=4]

[sub_resource type="StyleBoxLine" id=18]
content_margin_left = 50.0
color = Color( 0.407843, 0.407843, 0.407843, 1 )
grow_begin = -50.0
thickness = 5

[sub_resource type="StyleBoxEmpty" id=19]
content_margin_left = 50.0

[sub_resource type="StyleBoxEmpty" id=20]

[sub_resource type="DynamicFontData" id=14]
font_path = "res://Assets/trueno-font/TruenoBold-XYE2.otf"

[sub_resource type="DynamicFont" id=15]
size = 40
outline_color = Color( 0, 0, 0, 1 )
font_data = SubResource( 14 )

[sub_resource type="StyleBoxEmpty" id=16]

[sub_resource type="DynamicFont" id=17]
size = 24
font_data = ExtResource( 2 )

[node name="Tutorial" type="Control"]
anchor_right = 1.0
anchor_bottom = 1.0
margin_top = 126.0
script = ExtResource( 3 )

[node name="ColorRect" type="ColorRect" parent="."]
anchor_right = 1.0
anchor_bottom = 1.0
color = Color( 0.0862745, 0.0745098, 0.0745098, 1 )

[node name="TabContainer" type="TabContainer" parent="."]
anchor_right = 1.0
anchor_bottom = 1.0
margin_bottom = 6.0
custom_fonts/font = ExtResource( 4 )
custom_styles/tab_fg = SubResource( 18 )
custom_styles/tab_bg = SubResource( 19 )
custom_styles/panel = SubResource( 20 )

[node name="General" type="VBoxContainer" parent="TabContainer"]
anchor_right = 1.0
anchor_bottom = 1.0
margin_top = 47.0

[node name="Label" type="Label" parent="TabContainer/General"]
margin_right = 720.0
margin_bottom = 49.0
custom_fonts/font = SubResource( 15 )
custom_styles/normal = SubResource( 16 )
text = "How to play"
align = 1
valign = 1

[node name="Label2" type="Label" parent="TabContainer/General"]
margin_top = 53.0
margin_right = 720.0
margin_bottom = 248.0
custom_fonts/font = SubResource( 17 )
text = "Find the hidden word in 6 guesses and 5 minutes.

Each guess needs to be a valid english word with 5 letters.

The tile turns yellow if the letter is in the word but at a different position."
align = 1
autowrap = true

[node name="YellowField" parent="TabContainer/General" instance=ExtResource( 1 )]
anchor_left = 0.0
anchor_top = 0.0
anchor_right = 0.0
anchor_bottom = 0.0
margin_left = 0.0
margin_top = 252.0
margin_right = 720.0
margin_bottom = 402.0
rect_min_size = Vector2( 0, 150 )
size_flags_horizontal = 3

[node name="Label4" type="Label" parent="TabContainer/General"]
margin_top = 406.0
margin_right = 720.0
margin_bottom = 436.0
custom_fonts/font = SubResource( 17 )
text = "The letter is in the correct position if the tile turns green."
align = 1
autowrap = true

[node name="GreenField" parent="TabContainer/General" instance=ExtResource( 1 )]
anchor_left = 0.0
anchor_top = 0.0
anchor_right = 0.0
anchor_bottom = 0.0
margin_left = 0.0
margin_top = 440.0
margin_right = 720.0
margin_bottom = 590.0
rect_min_size = Vector2( 0, 150 )
size_flags_horizontal = 3

[node name="Label5" type="Label" parent="TabContainer/General"]
margin_top = 594.0
margin_right = 720.0
margin_bottom = 624.0
custom_fonts/font = SubResource( 17 )
text = "A grey tile means it is not in the word."
align = 1
autowrap = true

[node name="FinalField" parent="TabContainer/General" instance=ExtResource( 1 )]
anchor_left = 0.0
anchor_top = 0.0
anchor_right = 0.0
anchor_bottom = 0.0
margin_left = 0.0
margin_top = 628.0
margin_right = 720.0
margin_bottom = 778.0
rect_min_size = Vector2( 0, 150 )
size_flags_horizontal = 3

[node name="Label6" type="Label" parent="TabContainer/General"]
margin_top = 782.0
margin_right = 720.0
margin_bottom = 1076.0
custom_fonts/font = SubResource( 17 )
text = "Daily Speedle: Word of the Day. Result can be shared.

Infinity speedle: The clock keeps ticking. You'll get 60 seconds for each word you revealed. How long will you last?

Solo game: Find a random word. The timer can be disabled.

Hard mode: Any revealed hint must be used in your next guess. You get one minute more."
align = 1
autowrap = true

[node name="Multiplayer" type="VBoxContainer" parent="TabContainer"]
visible = false
anchor_right = 1.0
anchor_bottom = 1.0
margin_top = 47.0

[node name="Label3" type="Label" parent="TabContainer/Multiplayer"]
margin_right = 720.0
margin_bottom = 101.0
custom_fonts/font = SubResource( 15 )
custom_styles/normal = SubResource( 16 )
text = "
How to connect"
align = 1
valign = 1

[node name="Label7" type="Label" parent="TabContainer/Multiplayer"]
margin_top = 105.0
margin_right = 720.0
margin_bottom = 606.0
custom_fonts/font = SubResource( 17 )
text = "

You need to connect to the same Wi-Fi network. That can be your router or your phones Wi-Fi Hotspot.

Player One hosts the game.

Player Two joins the game by typing the IP address of Player One into the Host IP field.

The game will start as soon as the connection is established.

Have Fun!"
align = 1
autowrap = true
